<record xmlns="http://www.loc.gov/MARC21/slim" xmlns:xsi="http://www.w3.org/2001/XMLSchema-instance" xsi:schemaLocation="http://www.loc.gov/MARC21/slim http://www.loc.gov/standards/marcxml/schema/MARC21slim.xsd"><leader>00037nz   2200037n  4500</leader><controlfield tag="001">DNB|102405131</controlfield><controlfield tag="003">DNB</controlfield><controlfield tag="005">20080405190935.0</controlfield><controlfield tag="008">930416n||aznnnabbn           | aaa    |c</controlfield><datafield ind1=" " ind2=" " tag="035"><subfield code="a">(DE-101)102405131</subfield></datafield><datafield ind1=" " ind2=" " tag="035"><subfield code="a">(DE-588a)102405131</subfield></datafield><datafield ind1=" " ind2=" " tag="035"><subfield code="a">(DE-588c)4722794-1</subfield></datafield><datafield ind1=" " ind2=" " tag="040"><subfield code="a">DE-12</subfield><subfield code="b">ger</subfield><subfield code="c">DE-101</subfield><subfield code="e">rakwb</subfield><subfield code="d">9999</subfield></datafield><datafield ind1=" " ind2=" " tag="043"><subfield code="c">XS</subfield></datafield><datafield ind1=" " ind2=" " tag="065"><subfield code="2">sswd</subfield><subfield code="a">12.2p</subfield></datafield><datafield ind1=" " ind2=" " tag="079"><subfield code="a">p</subfield><subfield code="q">f</subfield><subfield code="q">p</subfield><subfield code="q">s</subfield><subfield code="t">12-PAN</subfield><subfield code="t">Lokale Kennung: B57 RVK</subfield></datafield><datafield ind1="0" ind2=" " tag="100"><subfield code="a">Rufus</subfield><subfield code="c">Domesticus</subfield><subfield code="d">fl.3. Jh.</subfield></datafield><datafield ind1="0" ind2=" " tag="400"><subfield code="a">Rufus</subfield><subfield code="c">Epigrammaticus</subfield><subfield code="d">fl.3. Jh.</subfield></datafield><datafield ind1="0" ind2=" " tag="400"><subfield code="a">Rufinus</subfield><subfield code="c">Epigrammaticus</subfield><subfield code="d">fl.3. Jh.</subfield></datafield><datafield ind1="0" ind2=" " tag="400"><subfield code="a">Rufinus</subfield><subfield code="c">Domesticus</subfield><subfield code="d">fl.3. Jh.</subfield></datafield><datafield ind1="1" ind2=" " tag="400"><subfield code="a">Domesticus, Rufus</subfield><subfield code="d">fl.3. Jh.</subfield></datafield><datafield ind1=" " ind2=" " tag="549"><subfield code="w">i</subfield><subfield code="i">Zeit</subfield><subfield code="a">3. Jh.</subfield></datafield><datafield ind1=" " ind2=" " tag="670"><subfield code="a">PND</subfield></datafield><datafield ind1=" " ind2=" " tag="678"><subfield code="a">AP 5.284; App. Anth. 2.625; Griech. Epigrammatiker</subfield></datafield><datafield ind1=" " ind2=" " tag="922"><subfield code="a">gr</subfield><subfield code="9">1</subfield></datafield><datafield ind1=" " ind2=" " tag="996"><subfield code="2">BNE|XX1505936</subfield></datafield><datafield ind1=" " ind2=" " tag="996"><subfield code="2">NKC|jn20020607006</subfield></datafield><datafield ind1=" " ind2=" " tag="996"><subfield code="2">BNE|XX898568</subfield></datafield><datafield ind1=" " ind2=" " tag="996"><subfield code="2">RERO|vtls012326605</subfield></datafield><datafield ind1=" " ind2=" " tag="996"><subfield code="2">LC|no 97005749</subfield></datafield><datafield ind1=" " ind2=" " tag="996"><subfield code="2">BAV|ADV11114217</subfield></datafield><datafield ind1=" " ind2=" " tag="996"><subfield code="2">LC|n  82211143</subfield></datafield><datafield ind1=" " ind2=" " tag="996"><subfield code="2">LC|n  83122630</subfield></datafield><datafield ind1=" " ind2=" " tag="996"><subfield code="2">BNF|10175356</subfield></datafield><datafield ind1=" " ind2=" " tag="996"><subfield code="2">RERO|vtls000140306</subfield></datafield><datafield ind1=" " ind2=" " tag="996"><subfield code="2">LC|nb2002029075</subfield></datafield><datafield ind1=" " ind2=" " tag="996"><subfield code="2">NLA|000035939766</subfield></datafield><datafield ind1=" " ind2=" " tag="996"><subfield code="2">RERO|vtls000140301</subfield></datafield><datafield ind1=" " ind2=" " tag="996"><subfield code="2">RERO|vtls000140300</subfield></datafield><datafield ind1=" " ind2=" " tag="996"><subfield code="2">BNF|11985596</subfield></datafield><datafield ind1=" " ind2=" " tag="996"><subfield code="2">NLIlat|000207721</subfield></datafield><datafield ind1=" " ind2=" " tag="996"><subfield code="2">LAC|1004J2239E</subfield></datafield><datafield ind1=" " ind2=" " tag="996"><subfield code="2">SELIBR|198041</subfield></datafield><datafield ind1=" " ind2=" " tag="996"><subfield code="2">RERO|vtls012349870</subfield></datafield><datafield ind1=" " ind2=" " tag="996"><subfield code="2">BAV|ADV12134759</subfield></datafield><datafield ind1=" " ind2=" " tag="996"><subfield code="2">LC|no 97014735</subfield></datafield><datafield ind1=" " ind2=" " tag="996"><subfield code="2">RERO|vtls011304917</subfield></datafield><datafield ind1=" " ind2=" " tag="996"><subfield code="2">LC|no2005055260</subfield></datafield><datafield ind1=" " ind2=" " tag="997"><subfield code="a">200 0 flourished 0 0</subfield><subfield code="9">1</subfield></datafield></record>